@misc{Triplet_Network,
author={Wang Jiang and Song Yang and Leung Thomas and Rosenberg Chuck},
title={Learning fine-grained image similarity with deep ranking, In CVPR},
year={2014},
}	

@misc{Siamese_Network,
author={Iaroslav Melekhov and Juho Kannala and Esa Rahtu},
title={Siamese Network Features for Image Matching},
year={2016},
}

@misc{Siamese_signature_verifiction,
author={Jane Bromley and Isabelle Guyon and Yann LeCun and Eduard Sickinger and Roopak Shah},
title={Signature Verification using a Siamese Time Delay Neural Network},
year={1990},
}